
@article{Leavitt:2010,
  title={Will NoSQL databases live up to their promise?},
  author={Leavitt, Neal},
  journal={Computer},
  volume={43},
  number={2},
  year={2010},
  publisher={IEEE}
}


@article{Cattell:2010,
  title={Scalable SQL and NoSQL data stores},
  author={Cattell, Rick},
  journal={Acm Sigmod Record},
  volume={39},
  number={4},
  pages={12--27},
  year={2011},
  publisher={ACM}
}


@article{Stonebreaker:2010,
  title={SQL databases v. NoSQL databases},
  author={Stonebraker, Michael},
  journal={Communications of the ACM},
  volume={53},
  number={4},
  pages={10--11},
  year={2010},
  publisher={ACM}
}


@article{Angles:2010,
  title={Survey of graph database models},
  author={Angles, Renzo and Gutierrez, Claudio},
  journal={ACM Computing Surveys (CSUR)},
  volume={40},
  number={1},
  pages={1},
  year={2008},
  publisher={ACM}
}


@article{Strauch:2011,
  title={NoSQL databases},
  author={Strauch, Christof and Sites, Ultra-Large Scale and Kriha, Walter},
  journal={Lecture Notes, Stuttgart Media University},
  year={2011}
}


@inproceedings{Han:2011,
  title={Survey on NoSQL database},
  author={Han, Jing and Haihong, E and Le, Guan and Du, Jian},
  booktitle={Pervasive computing and applications (ICPCA), 2011 6th international conference on},
  pages={363--366},
  year={2011},
  organization={IEEE}
}

@inproceedings{Hecht:2011,
  title={NoSQL evaluation: A use case oriented survey},
  author={Hecht, Robin and Jablonski, Stefan},
  booktitle={Cloud and Service Computing (CSC), 2011 International Conference on},
  pages={336--341},
  year={2011},
  organization={IEEE}
}

@article{Corbelini:2017,
  title={Persisting big-data: The NoSQL landscape},
  author={Corbellini, Alejandro and Mateos, Cristian and Zunino, Alejandro and Godoy, Daniela and Schiaffino, Silvia},
  journal={Information Systems},
  volume={63},
  pages={1--23},
  year={2017},
  publisher={Elsevier}
}

@article{Paes-Sousa:2011,
  title={Effects of a conditional cash transfer programme on child nutrition in Brazil},
  author={Paes-Sousa, R{\^o}mulo and Santos, Leonor Maria Pacheco and Miazaki, {\'E}dina Shisue},
  journal={Bulletin of the World Health Organization},
  volume={89},
  number={7},
  pages={496--503},
  year={2011},
  publisher={SciELO Public Health}
}


@article{Rasella:2013,
  title={Effect of a conditional cash transfer programme on childhood mortality: a nationwide analysis of Brazilian municipalities},
  author={Rasella, Davide and Aquino, Rosana and Santos, Carlos AT and Paes-Sousa, R{\^o}mulo and Barreto, Mauricio L},
  journal={The lancet},
  volume={382},
  number={9886},
  pages={57--64},
  year={2013},
  publisher={Elsevier}
}
 
 @article{glewwe2012impact,
  title={The impact of the Bolsa Escola/Familia conditional cash transfer program on enrollment, dropout rates and grade promotion in Brazil},
  author={Glewwe, Paul and Kassouf, Ana Lucia},
  journal={Journal of development Economics},
  volume={97},
  number={2},
  pages={505--517},
  year={2012},
  publisher={Elsevier}
}

@article{soares2010evaluating,
  title={Evaluating the impact of Brazil's Bolsa Familia: Cash transfer programs in comparative perspective},
  author={Soares, F{\'a}bio Veras and Ribas, Rafael Perez and Os{\'o}rio, Rafael Guerreiro},
  journal={Latin American Research Review},
  volume={45},
  number={2},
  pages={173--190},
  year={2010},
  publisher={Latin American Studies Association}
}

@article{Lignani:2011,
  title={Changes in food consumption among the Programa Bolsa Fam{\'\i}lia participant families in Brazil},
  author={de Bem Lignani, Juliana and Sichieri, Rosely and Burlandy, Luciene and Salles-Costa, Rosana},
  journal={Public health nutrition},
  volume={14},
  number={05},
  pages={785--792},
  year={2011},
  publisher={Cambridge Univ Press}
}

@article{rocha2009developments,
  title={Developments in national policies for food and nutrition security in Brazil},
  author={Rocha, Cecilia},
  journal={Development Policy Review},
  volume={27},
  number={1},
  pages={51--66},
  year={2009},
  publisher={Wiley Online Library}
}

@article{hall:2006,
  title={From Fome Zero to Bolsa Fam{\'\i}lia: social policies and poverty alleviation under Lula},
  author={Hall, Anthony},
  journal={Journal of Latin American Studies},
  volume={38},
  number={04},
  pages={689--709},
  year={2006},
  publisher={Cambridge Univ Press}
}

@article{fenwick:2009avoiding,
  title={Avoiding governors: the success of Bolsa Fam{\'\i}lia},
  author={Fenwick, Tracy Beck},
  journal={Latin American Research Review},
  volume={44},
  number={1},
  pages={102--131},
  year={2009},
  publisher={Latin American Studies Association}
}
